<record><leader>00000cas a2200000 a 4500</leader><controlfield tag="001">49918902</controlfield><controlfield tag="008">020604d1uuu1999iluwr ne      0    0eng c</controlfield><datafield ind1=" " ind2=" " tag="010"><subfield code="a">sn2002061119</subfield></datafield><datafield ind1=" " ind2=" " tag="040"><subfield code="a">NVF</subfield><subfield code="b">eng</subfield><subfield code="c">NVF</subfield><subfield code="d">NVF</subfield><subfield code="d">OCLCQ</subfield><subfield code="d">OCLCF</subfield><subfield code="d">OCLCO</subfield></datafield><datafield ind1="1" ind2=" " tag="029"><subfield code="a">AU@</subfield><subfield code="b">000023640098</subfield></datafield><datafield ind1=" " ind2=" " tag="042"><subfield code="a">pcc</subfield></datafield><datafield ind1=" " ind2=" " tag="043"><subfield code="a">n-us-il</subfield></datafield><datafield ind1="0" ind2="0" tag="245"><subfield code="a">Winnebago-Pecatonica gazette.</subfield></datafield><datafield ind1="1" ind2=" " tag="246"><subfield code="i">Issues for June 10, 1998-Mar. 10, 1999 called:</subfield><subfield code="a">Pecatonica-Winnebago gazette</subfield></datafield><datafield ind1=" " ind2=" " tag="260"><subfield code="a">Durand, Ill. :</subfield><subfield code="b">Rock Valley Community Press,</subfield><subfield code="c">-1999.</subfield></datafield><datafield ind1=" " ind2=" " tag="300"><subfield code="a">v.</subfield></datafield><datafield ind1=" " ind2=" " tag="310"><subfield code="a">Weekly</subfield></datafield><datafield ind1="0" ind2=" " tag="362"><subfield code="a">-v. 126, no. 10 (Mar. 10, 1999).</subfield></datafield><datafield ind1=" " ind2=" " tag="588"><subfield code="a">Description based on: Vol. 123, no. 1 (Jan. 3, 1996).</subfield></datafield><datafield ind1=" " ind2="0" tag="651"><subfield code="a">Durand (Ill.)</subfield><subfield code="v">Newspapers.</subfield></datafield><datafield ind1=" " ind2="0" tag="651"><subfield code="a">Pecatonica (Ill.)</subfield><subfield code="v">Newspapers.</subfield></datafield><datafield ind1=" " ind2="0" tag="651"><subfield code="a">Seward (Ill.)</subfield><subfield code="v">Newspapers.</subfield></datafield><datafield ind1=" " ind2="0" tag="651"><subfield code="a">Winnebago (Ill.)</subfield><subfield code="v">Newspapers.</subfield></datafield><datafield ind1=" " ind2="0" tag="651"><subfield code="a">Dakota (Ill.)</subfield><subfield code="v">Newspapers.</subfield></datafield><datafield ind1=" " ind2="0" tag="651"><subfield code="a">Davis (Ill.)</subfield><subfield code="v">Newspapers.</subfield></datafield><datafield ind1=" " ind2="0" tag="651"><subfield code="a">Rock City (Ill.)</subfield><subfield code="v">Newspapers.</subfield></datafield><datafield ind1=" " ind2="7" tag="655"><subfield code="a">Newspapers.</subfield><subfield code="2">fast</subfield><subfield code="0">(OCoLC)fst01423814</subfield></datafield><datafield ind1=" " ind2="7" tag="651"><subfield code="a">Illinois</subfield><subfield code="z">Dakota.</subfield><subfield code="2">fast</subfield><subfield code="0">(OCoLC)fst01294448</subfield></datafield><datafield ind1=" " ind2="7" tag="651"><subfield code="a">Illinois</subfield><subfield code="z">Davis.</subfield><subfield code="2">fast</subfield><subfield code="0">(OCoLC)fst01870834</subfield></datafield><datafield ind1=" " ind2="7" tag="651"><subfield code="a">Illinois</subfield><subfield code="z">Durand.</subfield><subfield code="2">fast</subfield><subfield code="0">(OCoLC)fst01276380</subfield></datafield><datafield ind1=" " ind2="7" tag="651"><subfield code="a">Illinois</subfield><subfield code="z">Pecatonica.</subfield><subfield code="2">fast</subfield><subfield code="0">(OCoLC)fst01216462</subfield></datafield><datafield ind1=" " ind2="7" tag="651"><subfield code="a">Illinois</subfield><subfield code="z">Rock City.</subfield><subfield code="2">fast</subfield><subfield code="0">(OCoLC)fst01248231</subfield></datafield><datafield ind1=" " ind2="7" tag="651"><subfield code="a">Illinois</subfield><subfield code="z">Seward.</subfield><subfield code="2">fast</subfield><subfield code="0">(OCoLC)fst01210113</subfield></datafield><datafield ind1=" " ind2="7" tag="651"><subfield code="a">Illinois</subfield><subfield code="z">Winnebago.</subfield><subfield code="2">fast</subfield><subfield code="0">(OCoLC)fst01220987</subfield></datafield><datafield ind1=" " ind2=" " tag="752"><subfield code="a">United States</subfield><subfield code="b">Illinois</subfield><subfield code="c">Winnebago</subfield><subfield code="d">Durand.</subfield></datafield><datafield ind1="0" ind2="5" tag="780"><subfield code="t">Durand-Stephenson gazette</subfield><subfield code="w">(DLC)sn 93056087</subfield><subfield code="w">(OCoLC)28960929</subfield></datafield><datafield ind1="0" ind2="0" tag="785"><subfield code="t">Gazette (Pecatonica, Ill.)</subfield><subfield code="w">(DLC)sn2005061804</subfield><subfield code="w">(OCoLC)57659230</subfield></datafield></record>